<?xml version="1.0" encoding="UTF-8"?><record xmlns="http://www.loc.gov/MARC21/slim" xmlns:cinclude="http://apache.org/cocoon/include/1.0" xmlns:zs="http://www.loc.gov/zing/srw/">
  <leader>01124nz  a2200253n  4500</leader>
  <controlfield tag="001">no2014090619</controlfield>
  <controlfield tag="003">DLC</controlfield>
  <controlfield tag="005">20140709073536.0</controlfield>
  <controlfield tag="008">140708n| azannaabn          |a aaa     c</controlfield>
  <datafield tag="010" ind1=" " ind2=" ">
    <subfield code="a">no2014090619</subfield>
  </datafield>
  <datafield tag="035" ind1=" " ind2=" ">
    <subfield code="a">(OCoLC)oca09902504</subfield>
  </datafield>
  <datafield tag="040" ind1=" " ind2=" ">
    <subfield code="a">MX-MxUI</subfield>
    <subfield code="b">eng</subfield>
    <subfield code="e">rda</subfield>
    <subfield code="c">MX-MxUI</subfield>
  </datafield>
  <datafield tag="100" ind1="1" ind2=" ">
    <subfield code="a">Ospino Rivas, John</subfield>
  </datafield>
  <datafield tag="370" ind1=" " ind2=" ">
    <subfield code="f">Barranquilla, Colombia</subfield>
    <subfield code="f">Madrid, Spain</subfield>
    <subfield code="c">Colombia</subfield>
    <subfield code="c">Spain</subfield>
  </datafield>
  <datafield tag="372" ind1=" " ind2=" ">
    <subfield code="a">Systems engineering</subfield>
    <subfield code="2">lcsh</subfield>
  </datafield>
  <datafield tag="372" ind1=" " ind2=" ">
    <subfield code="a">Computing research</subfield>
  </datafield>
  <datafield tag="373" ind1=" " ind2=" ">
    <subfield code="a">Universidad del Norte (Barranquilla, Colombia)</subfield>
    <subfield code="2">naf</subfield>
  </datafield>
  <datafield tag="373" ind1=" " ind2=" ">
    <subfield code="a">Universidad Complutense de Madrid</subfield>
    <subfield code="2">naf</subfield>
  </datafield>
  <datafield tag="373" ind1=" " ind2=" ">
    <subfield code="a">Oracle Corporation</subfield>
    <subfield code="2">naf</subfield>
  </datafield>
  <datafield tag="374" ind1=" " ind2=" ">
    <subfield code="a">Systems architect</subfield>
    <subfield code="a">Systems engineer</subfield>
  </datafield>
  <datafield tag="375" ind1=" " ind2=" ">
    <subfield code="a">male</subfield>
  </datafield>
  <datafield tag="377" ind1=" " ind2=" ">
    <subfield code="a">spa</subfield>
  </datafield>
  <datafield tag="400" ind1="1" ind2=" ">
    <subfield code="a">Rivas, John Ospino</subfield>
  </datafield>
  <datafield tag="670" ind1=" " ind2=" ">
    <subfield code="a">Bases de datos, 2013:</subfield>
    <subfield code="b">t.p. (John Ospino Rivas) back cover  (Ingeniero en sistemas por la Universidad del Norte en Barranquilla, Colombia. Mastér en investigación en informática en la Universidad Complutense de Madrid. Cuenta con certificaciones en bases de datos Oracle en empresas de España y Europa. Actualmente trabaja como arquitecto de sistemas en bases de datos)</subfield>
  </datafield>
</record>